@inproceedings{hoste08,
 author = {Hoste, Kenneth and Eeckhout, Lieven},
 title = {Cole: Compiler Optimization Level Exploration},
 booktitle = {Proceedings of the 6th Annual IEEE/ACM International Symposium on Code Generation and Optimization},
 series = {CGO '08},
 year = {2008},
 isbn = {978-1-59593-978-4},
 location = {Boston, MA, USA},
 pages = {165--174},
 numpages = {10},
 publisher = {ACM},
 address = {New York, NY, USA},
} 

@article{purini13,
 author = {Purini, Suresh and Jain, Lakshya},
 title = {Finding Good Optimization Sequences Covering Program Space},
 journal = {ACM Trans. Archit. Code Optim.},
 volume = {9},
 number = {4},
 month = jan,
 year = {2013},
 issn = {1544-3566},
 pages = {56:1--56:23},
 articleno = {56},
 numpages = {23},
 publisher = {ACM},
 address = {New York, NY, USA},
}

@book{Bishop:2006:PRM:1162264,
 author = {Bishop, Christopher M.},
 title = {Pattern Recognition and Machine Learning (Information Science and Statistics)},
 year = {2006},
}


@Inbook{pop05,
author="Pop, Sebastian
and Cohen, Albert
and Silber, Georges-Andr{\'e}",
editor="Conte, Tom
and Navarro, Nacho
and Hwu, Wen-mei W.
and Valero, Mateo
and Ungerer, Theo",
title="Induction Variable Analysis with Delayed Abstractions",
bookTitle="High Performance Embedded Architectures and Compilers: First International Conference, HiPEAC 2005, Barcelona, Spain, November 17-18, 2005. Proceedings",
year="2005",
publisher="Springer Berlin Heidelberg",
address="Berlin, Heidelberg",
pages="218--232",
}

ï»¿@article {knijnenburg04,
author = {Knijnenburg, P. M. W. and Kisuki, T. and Gallivan, K. and O'Boyle, M. F. P.},
title = {The effect of cache models on iterative compilation for combined tiling and unrolling},
journal = {Concurrency and Computation: Practice and Experience},
volume = {16},
number = {2-3},
publisher = {John Wiley & Sons, Ltd.},
pages = {247--270},
keywords = {compiler optimization, phase ordering problem, cache models},
year = {2004},
}

@inproceedings{kisuki00,
author={T. Kisuki and P. M. W. Knijnenburg and M. F. P. O'Boyle},
booktitle={Proceedings 2000 International Conference on Parallel Architectures and Compilation Techniques (Cat. No.PR00622)},
title={Combined selection of tile sizes and unroll factors using iterative compilation},
year={2000},
pages={237-246},
month={},}

@Inbook{fursin05,
author="Fursin, G. G.
and O'Boyle, M. F. P.
and Knijnenburg, P. M. W.",
editor="Pugh, Bill
and Tseng, Chau-Wen",
title="Evaluating Iterative Compilation",
bookTitle="Languages and Compilers for Parallel Computing: 15th Workshop, LCPC 2002, College Park, MD, USA, July 25-27, 2002. Revised Papers",
year="2005",
publisher="Springer Berlin Heidelberg",
address="Berlin, Heidelberg",
pages="362--376",
}

@Inbook{kisuki99,
author="Kisuki, Toru
and Knijnenburg, Peter M. W.
and O'Boyle, Mike F. P.
and Bodin, Fran{\c{c}}ois
and Wijshoff, Harry A. G.",
editor="Polychronopoulos, Constantine
and Fukuda, Kazuki Joe Akira
and Tomita, Shinji",
title="A feasibility study in iterative compilation",
bookTitle="High Performance Computing: Second International Symposium, ISHPC'99 Kyoto, Japan, May 26--28, 1999 Proceedings",
year="1999",
publisher="Springer Berlin Heidelberg",
address="Berlin, Heidelberg",
pages="121--132",
}

@inproceedings{bodin98,
  TITLE = {Iterative compilation in a non-linear optimisation space},
  AUTHOR = {Bodin, Fran{\c c}ois and Kisuki, Toru and Knijnenburg, Peter and O' Boyle, Mike and Rohou, Erven},
  BOOKTITLE = {Workshop on Profile and Feedback-Directed Compilation},
  ADDRESS = {Paris, France},
  YEAR = {1998},
  MONTH = Oct,
}

@Inbook{knijnenburg02,
author="Knijnenburg, P. M. W.
and Kisuki, T.
and O'Boyle, M. F. P.",
editor="Deprettere, Ed F.
and Teich, J{\"u}rgen
and Vassiliadis, Stamatis",
title="Iterative Compilation",
bookTitle="Embedded Processor Design Challenges: Systems, Architectures, Modeling, and Simulation --- SAMOS",
year="2002",
publisher="Springer Berlin Heidelberg",
address="Berlin, Heidelberg",
pages="171--187",
}

@inproceedings{agakov06,
author={F. Agakov and E. Bonilla and J. Cavazos and B. Franke and G. Fursin and M. F. P. O'Boyle and J. Thomson and M. Toussaint and C. K. I. Williams},
booktitle={International Symposium on Code Generation and Optimization (CGO'06)},
title={Using machine learning to focus iterative optimization},
year={2006},
pages={1--11},
month={March},
}

@inproceedings{stephenson03,
 author = {Stephenson, Mark and Amarasinghe, Saman and Martin, Martin and O'Reilly, Una-May},
 title = {Meta Optimization: Improving Compiler Heuristics with Machine Learning},
 booktitle = {Proceedings of the ACM SIGPLAN 2003 Conference on Programming Language Design and Implementation},
 series = {PLDI '03},
 year = {2003},
 location = {San Diego, California, USA},
 pages = {77--90},
 numpages = {14},
 publisher = {ACM},
 address = {New York, NY, USA},
}

@inproceedings{haneda06,
author={M. Haneda and P. M. W. Knijnenburg and H. A. G. Wijshoff},
booktitle={Proceedings 20th IEEE International Parallel Distributed Processing Symposium},
title={On the impact of data input sets on statistical compiler tuning},
year={2006},
pages={1--8},
month={April},
}

@inproceedings{kulkarni04,
 author = {Kulkarni, Prasad and Hines, Stephen and Hiser, Jason and Whalley, David and Davidson, Jack and Jones, Douglas},
 title = {Fast Searches for Effective Optimization Phase Sequences},
 booktitle = {Proceedings of the ACM SIGPLAN 2004 Conference on Programming Language Design and Implementation},
 series = {PLDI '04},
 year = {2004},
 location = {Washington DC, USA},
 pages = {171--182},
 numpages = {12},
 publisher = {ACM},
 address = {New York, NY, USA},
}

@inproceedings{fenacci10,
 author = {Fenacci, Damon and Franke, Bj\"{o}rn and Thomson, John},
 title = {Workload Characterization Supporting the Development of Domain-specific Compiler Optimizations Using Decision Trees for Data Mining},
 booktitle = {Proceedings of the 13th International Workshop on Software \&\#38; Compilers for Embedded Systems},
 series = {SCOPES '10},
 year = {2010},
 location = {St. Goar, Germany},
 pages = {5:1--5:10},
 articleno = {5},
 numpages = {10},
 publisher = {ACM},
 address = {New York, NY, USA},
}

@inproceedings{ogilvie17,
author={W. F. Ogilvie and P. Petoumenos and Z. Wang and H. Leather},
booktitle={2017 IEEE/ACM International Symposium on Code Generation and Optimization (CGO)},
title={Minimizing the cost of iterative compilation with active learning},
year={2017},
pages={245-256},
month={Feb},}

@inproceedings{mpeis16,
   author = {Paschalis Mpeis and Pavlos Petoumenos and Hugh Leather},
   title = {Iterative Compilation on Mobile Devices},
   year = {2016},
   month = {January},
   booktitle = {Proceedings of the 6th International Workshop on Adaptive Self-tuning Computing Systems (ADAPT 2016)},
   location = {Prague, Czech Republic}
}

@inproceedings{zhou12,
author={Y. Q. Zhou and N. W. Lin},
booktitle={2012 Third International Conference on Innovations in Bio-Inspired Computing and Applications},
title={A Study on Optimizing Execution Time and Code Size in Iterative Compilation},
year={2012},
pages={104-109},
month={Sept},
}

@inproceedings{cavazos07,
author={J. Cavazos and G. Fursin and F. Agakov and E. Bonilla and M. F. P. O'Boyle and O. Temam},
booktitle={International Symposium on Code Generation and Optimization (CGO'07)},
title={Rapidly Selecting Good Compiler Optimizations using Performance Counters},
year={2007},
pages={185-197},
month={March},}

@inproceedings{che09,
author={S. Che and M. Boyer and J. Meng and D. Tarjan and J. W. Sheaffer and S. H. Lee and K. Skadron},
booktitle={2009 IEEE International Symposium on Workload Characterization (IISWC)},
title={Rodinia: A benchmark suite for heterogeneous computing},
year={2009},
pages={44-54},
month={Oct},
}

@article{alameldeen06,
 author = {Alameldeen, Alaa R. and Wood, David A.},
 title = {{IPC} Considered Harmful for Multiprocessor Workloads},
 journal = {IEEE Micro},
 volume = {26},
 number = {4},
 month = jul,
 year = {2006},
 pages = {8--17},
 numpages = {10},
 publisher = {IEEE Computer Society Press},
 address = {Los Alamitos, CA, USA},
}

@article{eyerman08,
author={S. Eyerman and L. Eeckhout},
journal={IEEE Micro},
title={System-Level Performance Metrics for Multiprogram Workloads},
year={2008},
volume={28},
number={3},
pages={42-53},
month={May},}

@inproceedings{fursin07,
 author = {Fursin, Grigori and Cavazos, John and O'Boyle, Michael and Temam, Olivier},
 title = {{MiDataSets}: Creating the Conditions for a More Realistic Evaluation of Iterative Optimization},
 booktitle = {Proceedings of the 2Nd International Conference on High Performance Embedded Architectures and Compilers},
 series = {HiPEAC'07},
 year = {2007},
 location = {Ghent, Belgium},
 pages = {245--260},
 numpages = {16},
 publisher = {Springer-Verlag},
 address = {Berlin, Heidelberg},
}


@inproceedings{ball96,
 author = {Ball, Thomas and Larus, James R.},
 title = {Efficient Path Profiling},
 booktitle = {Proceedings of the 29th Annual ACM/IEEE International Symposium on Microarchitecture},
 series = {MICRO 29},
 year = {1996},
 location = {Paris, France},
 pages = {46--57},
 numpages = {12},
 publisher = {IEEE Computer Society},
 address = {Washington, DC, USA},
}


@article{eeckhout03,
    author = {Lieven Eeckhout and Hans Vandierendonck and Koen De Bosschere},
    title = {Quantifying the Impact of Input Data Sets on Program Behavior and its Applications},
    journal = {Journal of Instruction-Level Parallelism},
    year = {2003},
    volume = {5},
    pages = {1--33}
}

@inproceedings{chen10,
 author = {Chen, Yang and Huang, Yuanjie and Eeckhout, Lieven and Fursin, Grigori and Peng, Liang and Temam, Olivier and Wu, Chengyong},
 title = {Evaluating Iterative Optimization Across 1000 Datasets},
 booktitle = {Proceedings of the 31st ACM SIGPLAN Conference on Programming Language Design and Implementation},
 series = {PLDI '10},
 year = {2010},
 location = {Toronto, Ontario, Canada},
 pages = {448--459},
 numpages = {12},
 publisher = {ACM},
 address = {New York, NY, USA},
}

@article{chen12a,
 author = {Chen, Yang and Fang, Shuangde and Huang, Yuanjie and Eeckhout, Lieven and Fursin, Grigori and Temam, Olivier and Wu, Chengyong},
 title = {Deconstructing Iterative Optimization},
 journal = {ACM Trans. Archit. Code Optim.},
 volume = {9},
 number = {3},
 month = oct,
 year = {2012},
 pages = {21:1--21:30},
 articleno = {21},
 numpages = {30},
 publisher = {ACM},
 address = {New York, NY, USA},
}

@inproceedings{chen12b,
 author = {Chen, Yang and Fang, Shuangde and Eeckhout, Lieven and Temam, Olivier and Wu, Chengyong},
 title = {Iterative Optimization for the Data Center},
 booktitle = {Proceedings of the Seventeenth International Conference on Architectural Support for Programming Languages and Operating Systems},
 series = {ASPLOS XVII},
 year = {2012},
 location = {London, England, UK},
 pages = {49--60},
 numpages = {12},
 publisher = {ACM},
 address = {New York, NY, USA},
}

@article{fang15,
 author = {Fang, Shuangde and Xu, Wenwen and Chen, Yang and Eeckhout, Lieven and Temam, Olivier and Chen, Yunji and Wu, Chengyong and Feng, Xiaobing},
 title = {Practical Iterative Optimization for the Data Center},
 journal = {ACM Trans. Archit. Code Optim.},
 volume = {12},
 number = {2},
 month = may,
 year = {2015},
 pages = {15:1--15:26},
 articleno = {15},
 numpages = {26},
 publisher = {ACM},
 address = {New York, NY, USA},
}

@inproceedings{pan06,
 author = {Pan, Zhelong and Eigenmann, Rudolf},
 title = {Fast and Effective Orchestration of Compiler Optimizations for Automatic Performance Tuning},
 booktitle = {Proceedings of the International Symposium on Code Generation and Optimization},
 series = {CGO '06},
 year = {2006},
 pages = {319--332},
 numpages = {14},
 publisher = {IEEE Computer Society},
 address = {Washington, DC, USA},
}

%%phase ordering problem

@inproceedings{touati06,
 author = {Touati, Sid-Ahmed-Ali and Barthou, Denis},
 title = {On the Decidability of Phase Ordering Problem in Optimizing Compilation},
 booktitle = {Proceedings of the 3rd Conference on Computing Frontiers},
 series = {CF '06},
 year = {2006},
 location = {Ischia, Italy},
 pages = {147--156},
 numpages = {10},
 publisher = {ACM},
 address = {New York, NY, USA},
}

@inproceedings{kulkarni12,
 author = {Kulkarni, Sameer and Cavazos, John},
 title = {Mitigating the Compiler Optimization Phase-ordering Problem Using Machine Learning},
 booktitle = {Proceedings of the ACM International Conference on Object Oriented Programming Systems Languages and Applications},
 series = {OOPSLA '12},
 year = {2012},
 location = {Tucson, Arizona, USA},
 pages = {147--162},
 numpages = {16},
 publisher = {ACM},
 address = {New York, NY, USA},
}

ï»¿@article {jantz14,
author = {Jantz, Michael R. and Kulkarni, Prasad A.},
title = {Analyzing and addressing false interactions during compiler optimization phase ordering},
journal = {Software: Practice and Experience},
volume = {44},
number = {6},
pages = {643--679},
year = {2014},
}

%%work metrics and empirical computational complexity

@inproceedings{goldsmith07,
 author = {Goldsmith, Simon F. and Aiken, Alex S. and Wilkerson, Daniel S.},
 title = {Measuring Empirical Computational Complexity},
 booktitle = {Proceedings of the the 6th Joint Meeting of the European Software Engineering Conference and the ACM SIGSOFT Symposium on The Foundations of Software Engineering},
 series = {ESEC-FSE '07},
 year = {2007},
 location = {Dubrovnik, Croatia},
 pages = {395--404},
 numpages = {10},
 publisher = {ACM},
 address = {New York, NY, USA},
}


@inproceedings{zaparanuks12,
 author = {Zaparanuks, Dmitrijs and Hauswirth, Matthias},
 title = {Algorithmic Profiling},
 booktitle = {Proceedings of the 33rd ACM SIGPLAN Conference on Programming Language Design and Implementation},
 series = {PLDI '12},
 year = {2012},
 location = {Beijing, China},
 pages = {67--76},
 numpages = {10},
 publisher = {ACM},
 address = {New York, NY, USA},
}

@article{coppa14,
author={E. Coppa and C. Demetrescu and I. Finocchi},
journal={IEEE Transactions on Software Engineering},
title={Input-Sensitive Profiling},
year={2014},
volume={40},
number={12},
pages={1185-1205},
month={Dec},}

@article{mcgeoch07,
 author = {McGeoch, Catherine C.},
 title = {Experimental Algorithmics},
 journal = {Commun. ACM},
 volume = {50},
 number = {11},
 month = nov,
 year = {2007},
 pages = {27--31},
 publisher = {ACM},
 address = {New York, NY, USA},
}

%% Profiling block frequency

@article{ball94,
 author = {Ball, Thomas and Larus, James R.},
 title = {Optimally Profiling and Tracing Programs},
 journal = {ACM Trans. Program. Lang. Syst.},
 volume = {16},
 number = {4},
 month = jul,
 year = {1994},
 pages = {1319--1360},
 numpages = {42},
 publisher = {ACM},
 address = {New York, NY, USA},
}

@inproceedings{anderson97,
    author = {Jennifer M. Anderson and Lance M. Berc and Jeffrey Dean and Sanjay Ghemawat and Monika R. Henzinger and Shun-Tak A. Leung and Richard L. Sites and Mark T. Vandevoorde and Carl A. Waldspurger and William E. Weihl},
    title = {Continuous Profiling: Where Have All the Cycles Gone?},
    booktitle = {ACM Transactions on Computer Systems},
    year = {1997},
    pages = {1--14}
}

@article{duesterwald00,
 author = {Duesterwald, Evelyn and Bala, Vasanth},
 title = {Software Profiling for Hot Path Prediction: Less is More},
 journal = {SIGPLAN Not.},
 issue_date = {Nov. 2000},
 volume = {35},
 number = {11},
 month = nov,
 year = {2000},
 issn = {0362-1340},
 pages = {202--211},
 numpages = {10},
 publisher = {ACM},
 address = {New York, NY, USA},
}


@inproceedings{forman81,
 author = {Forman, Ira R.},
 title = {On the Time Overhead of Counters and Traversal Markers},
 booktitle = {Proceedings of the 5th International Conference on Software Engineering},
 series = {ICSE '81},
 year = {1981},
 location = {San Diego, California, USA},
 pages = {164--169},
 numpages = {6},
 publisher = {IEEE Press},
 address = {Piscataway, NJ, USA},
}

@article{knuth73,
author="Knuth, Donald E.
and Stevenson, Francis R.",
title="Optimal measurement points for program frequency counts",
journal="BIT Numerical Mathematics",
year="1973",
volume="13",
number="3",
pages="313--322",
}

@article {knuth71,
author = {Knuth, Donald E.},
title = {An empirical study of {FORTRAN} programs},
journal = {Software: Practice and Experience},
volume = {1},
number = {2},
publisher = {John Wiley & Sons, Ltd.},
pages = {105--133},
year = {1971},
}

@Article{nahapetian73,
author="Nahapetian, A.",
title="Node flows in graphs with conservative flow",
journal="Acta Informatica",
year="1973",
volume="3",
number="1",
pages="37--41",
}

@inproceedings{wu94,
 author = {Wu, Youfeng and Larus, James R.},
 title = {Static Branch Frequency and Program Profile Analysis},
 booktitle = {Proceedings of the 27th Annual International Symposium on Microarchitecture},
 series = {MICRO 27},
 year = {1994},
 isbn = {0-89791-707-3},
 location = {San Jose, California, USA},
 pages = {1--11},
 numpages = {11},
 publisher = {ACM},
 address = {New York, NY, USA},
}

@inproceedings{ball93,
 author = {Ball, Thomas and Larus, James R.},
 title = {Branch Prediction for Free},
 booktitle = {Proceedings of the ACM SIGPLAN 1993 Conference on Programming Language Design and Implementation},
 series = {PLDI '93},
 year = {1993},
 isbn = {0-89791-598-4},
 location = {Albuquerque, New Mexico, USA},
 pages = {300--313},
 numpages = {14},
 publisher = {ACM},
 address = {New York, NY, USA},
}

@inproceedings{wagner94,
 author = {Wagner, Tim A. and Maverick, Vance and Graham, Susan L. and Harrison, Michael A.},
 title = {Accurate Static Estimators for Program Optimization},
 booktitle = {Proceedings of the ACM SIGPLAN 1994 Conference on Programming Language Design and Implementation},
 series = {PLDI '94},
 year = {1994},
 isbn = {0-89791-662-X},
 location = {Orlando, Florida, USA},
 pages = {85--96},
 numpages = {12},
 publisher = {ACM},
 address = {New York, NY, USA},
}

@book{shafer76,
  title={A mathematical theory of evidence},
  author={Shafer, Glenn and others},
  volume={1},
  year={1976},
  publisher={Princeton university press Princeton}
}

%% Cost model

@inproceedings{powell09,
 author = {Powell, Daniel Christopher and Franke, Bj\"{o}rn},
 title = {Using Continuous Statistical Machine Learning to Enable High-speed Performance Prediction in Hybrid Instruction-Cycle-accurate Instruction Set Simulators},
 booktitle = {Proceedings of the 7th IEEE/ACM International Conference on Hardware/Software Codesign and System Synthesis},
 series = {CODES+ISSS '09},
 year = {2009},
 isbn = {978-1-60558-628-1},
 location = {Grenoble, France},
 pages = {315--324},
 numpages = {10},
 publisher = {ACM},
 address = {New York, NY, USA},
 keywords = {continuous statistical machine learning, instruction set simulator, performance prediction},
}

@inproceedings{giusto01,
 author = {Giusto, P. and Martin, G. and Harcourt, E.},
 title = {Reliable Estimation of Execution Time of Embedded Software},
 booktitle = {Proceedings of the Conference on Design, Automation and Test in Europe},
 series = {DATE '01},
 year = {2001},
 isbn = {0-7695-0993-2},
 location = {Munich, Germany},
 pages = {580--589},
 numpages = {10},
 publisher = {IEEE Press},
 address = {Piscataway, NJ, USA},
}

@inproceedings{brandolese11,
 author = {Brandolese, Carlo and Corbetta, Simone and Fornaciari, William},
 title = {Software Energy Estimation Based on Statistical Characterization of Intermediate Compilation Code},
 booktitle = {Proceedings of the 17th IEEE/ACM International Symposium on Low-power Electronics and Design},
 series = {ISLPED '11},
 year = {2011},
 isbn = {978-1-61284-660-6},
 location = {Fukuoka, Japan},
 pages = {333--338},
 numpages = {6},
 publisher = {IEEE Press},
 address = {Piscataway, NJ, USA},
 keywords = {instruction-level characterization, software energy estimation},
}

%% LLVM

@inproceedings{adve03,
 author = {Adve, Vikram and Lattner, Chris and Brukman, Michael and Shukla, Anand and Gaeke, Brian},
 title = {{LLVA}: A Low-level Virtual Instruction Set Architecture},
 booktitle = {Proceedings of the 36th Annual IEEE/ACM International Symposium on Microarchitecture},
 series = {MICRO 36},
 year = {2003},
 isbn = {0-7695-2043-X},
 pages = {205--217},
 publisher = {IEEE Computer Society},
 address = {Washington, DC, USA},
}

@inproceedings{lattner04,
 author = {Lattner, Chris and Adve, Vikram},
 title = {{LLVM}: A Compilation Framework for Lifelong Program Analysis \& Transformation},
 booktitle = {Proceedings of the International Symposium on Code Generation and Optimization: Feedback-directed and Runtime Optimization},
 series = {CGO '04},
 year = {2004},
 isbn = {0-7695-2102-9},
 location = {Palo Alto, California},
 pages = {75--},
 acmid = {977673},
 publisher = {IEEE Computer Society},
 address = {Washington, DC, USA},
}

%% SSA Form

@inproceedings{cytron89,
 author = {Cytron, R. and Ferrante, J. and Rosen, B. K. and Wegman, M. N. and Zadeck, F. K.},
 title = {An Efficient Method of Computing Static Single Assignment Form},
 booktitle = {Proceedings of the 16th ACM SIGPLAN-SIGACT Symposium on Principles of Programming Languages},
 series = {POPL '89},
 year = {1989},
 isbn = {0-89791-294-2},
 location = {Austin, Texas, USA},
 pages = {25--35},
 numpages = {11},
 address = {New York, NY, USA},
}

@article{cytron91,
 author = {Cytron, Ron and Ferrante, Jeanne and Rosen, Barry K. and Wegman, Mark N. and Zadeck, F. Kenneth},
 title = {Efficiently Computing Static Single Assignment Form and the Control Dependence Graph},
 journal = {ACM Trans. Program. Lang. Syst.},
 issue_date = {Oct. 1991},
 volume = {13},
 number = {4},
 month = oct,
 year = {1991},
 issn = {0164-0925},
 pages = {451--490},
 numpages = {40},
 publisher = {ACM},
 address = {New York, NY, USA},
}

@inproceedings{alpern88,
 author = {Alpern, B. and Wegman, M. N. and Zadeck, F. K.},
 title = {Detecting Equality of Variables in Programs},
 booktitle = {Proceedings of the 15th ACM SIGPLAN-SIGACT Symposium on Principles of Programming Languages},
 series = {POPL '88},
 year = {1988},
 isbn = {0-89791-252-7},
 location = {San Diego, California, USA},
 pages = {1--11},
 numpages = {11},
 publisher = {ACM},
 address = {New York, NY, USA},
}

@inproceedings{allen70,
 author = {Allen, Frances E.},
 title = {Control Flow Analysis},
 booktitle = {Proceedings of a Symposium on Compiler Optimization},
 year = {1970},
 location = {Urbana-Champaign, Illinois},
 pages = {1--19},
 numpages = {19},
 publisher = {ACM},
 address = {New York, NY, USA},
}

@article{ferrante87,
 author = {Ferrante, Jeanne and Ottenstein, Karl J. and Warren, Joe D.},
 title = {The Program Dependence Graph and Its Use in Optimization},
 journal = {ACM Trans. Program. Lang. Syst.},
 issue_date = {July 1987},
 volume = {9},
 number = {3},
 month = jul,
 year = {1987},
 issn = {0164-0925},
 pages = {319--349},
 numpages = {31},
 publisher = {ACM},
 address = {New York, NY, USA},
}


%% LLVM Optimisations

@ARTICLE{franchetti05,
author={F. Franchetti and S. Kral and J. Lorenz and C. W. Ueberhuber},
journal={Proceedings of the IEEE},
title={Efficient Utilization of {SIMD} Extensions},
year={2005},
volume={93},
number={2},
pages={409-425},
month={Feb}}


%% Knapsack Problem

@article{dantzig57,
author = {George B. Dantzig},
volume = {5},
title = {Discrete-Variable Extremum Problems},
journal = {Operations Research},
number = {2},
pages = {266-288},
year = {1957},
}

@article{martello00,
title = "New trends in exact algorithms for the 0â1 knapsack problem",
journal = "European Journal of Operational Research",
volume = "123",
number = "2",
pages = "325 - 332",
year = "2000",
note = "",
author = "Silvano Martello and David Pisinger and Paolo Toth",}

@article{martello77,
title = "An upper bound for the zero-one knapsack problem and a branch and bound algorithm",
journal = "European Journal of Operational Research",
volume = "1",
number = "3",
pages = "169 - 175",
year = "1977",
note = "",
author = "Silvano Martello and Paolo Toth",

}

@article{martello99,
author = {Silvano Martello and David Pisinger and Paolo Toth},
title = {Dynamic Programming and Strong Bounds for the 0-1 Knapsack Problem},
journal = {Management Science},
volume = {45},
number = {3},
pages = {414-424},
year = {1999},
}

%% Linear Regression

@book{seber12,
  title={Linear regression analysis},
  author={Seber, George AF and Lee, Alan J},
  volume={936},
  year={2012},
  publisher={John Wiley \& Sons}
}



%% Spanning Tree

@article{kruskal56,
 author = {Joseph B. Kruskal},
 journal = {Proceedings of the American Mathematical Society},
 number = {1},
 pages = {48-50},
 publisher = {American Mathematical Society},
 title = {On the Shortest Spanning Subtree of a Graph and the Traveling Salesman Problem},
 volume = {7},
 year = {1956}
}

@article{bazlamacci01,
title = {Minimum-weight spanning tree algorithms A survey and empirical study},
journal = {Computers \& Operations Research},
volume = {28},
number = {8},
pages = {767 - 785},
year = {2001},
author = {C\"{u}neyt F. Bazlama\c{c}i and Khalil S. Hindi},
}

@article{hopcroft73,
author = {J. E. Hopcroft and J. D. Ullman},
title = {Set Merging Algorithms},
journal = {SIAM Journal on Computing},
volume = {2},
number = {4},
pages = {294-303},
year = {1973},
}

@article{tarjan75,
 author = {Tarjan, Robert Endre},
 title = {Efficiency of a Good But Not Linear Set Union Algorithm},
 journal = {J. ACM},
 volume = {22},
 number = {2},
 month = apr,
 year = {1975},
 pages = {215--225},
 publisher = {ACM},
 address = {New York, NY, USA},
}

@article{galil91,
 author = {Galil, Zvi and Italiano, Giuseppe F.},
 title = {Data Structures and Algorithms for Disjoint Set Union Problems},
 journal = {ACM Comput. Surv.},
 volume = {23},
 number = {3},
 month = sep,
 year = {1991},
 pages = {319--344},

 publisher = {ACM},
 address = {New York, NY, USA},
}

@article{armbrust10,
 author = {Armbrust, Michael and Fox, Armando and Griffith, Rean and Joseph, Anthony D. and Katz, Randy and Konwinski, Andy and Lee, Gunho and Patterson, David and Rabkin, Ariel and Stoica, Ion and Zaharia, Matei},
 title = {A View of Cloud Computing},
 journal = {Commun. ACM},
 volume = {53},
 number = {4},
 month = apr,
 year = {2010},
 issn = {0001-0782},
 pages = {50--58},
 numpages = {9},
 publisher = {ACM},
 address = {New York, NY, USA},
}

@inproceedings{hoste2008cole,
 title={Cole: compiler optimization level exploration},
 author={Hoste, Kenneth and Eeckhout, Lieven},
 booktitle={Proceedings of the 6th annual IEEE/ACM international symposium on Code generation and optimization},
 pages={165--174},
 year={2008},
 organization={ACM}
}

@inproceedings{fursin:hal-01257279,
 TITLE = {{Practical Run-time Adaptation with Procedure Cloning to Enable Continuous Collective Compilation}},
 AUTHOR = {Fursin, Grigori and Miranda, Cupertino and Pop, Sebastian and Cohen, Albert and Temam, Olivier},
 BOOKTITLE = {{Proceedings of the 5{\th} GCC Developer's Summit}},
 ADDRESS = {Ottawa, Ontario, Unknown or Invalid Region},
 YEAR = {2007},
}

@inproceedings{fursin:inria-00001054,
 TITLE = {{A Practical Method For Quickly Evaluating Program Optimizations}},
 AUTHOR = {Fursin, Grigori and Cohen, Albert and O'Boyle, Michael and Temam, Olivier},
 BOOKTITLE = {{Proceedings of the 1st International Conference on High Performance Embedded Architectures and Compilers (HiPEAC 2005)}},
 ADDRESS = {Barcelona, Spain},
 PUBLISHER = {{Springer Verlag}},
 YEAR = {2005},
 MONTH = Nov,
}
