@article{dantzig57,
author = {George B. Dantzig},
title = {Discrete-Variable Extremum Problems},
journal = {Operations Research},
volume = {5},
number = {2},
pages = {266-288},
year = {1957},
doi = {10.1287/opre.5.2.266},
}


@Inbook{pop05,
author="Pop, Sebastian
and Cohen, Albert
and Silber, Georges-Andr{\'e}",
editor="Conte, Tom
and Navarro, Nacho
and Hwu, Wen-mei W.
and Valero, Mateo
and Ungerer, Theo",
title="Induction Variable Analysis with Delayed Abstractions",
bookTitle="High Performance Embedded Architectures and Compilers: First International Conference, HiPEAC 2005, Barcelona, Spain, November 17-18, 2005. Proceedings",
year="2005",
publisher="Springer Berlin Heidelberg",
address="Berlin, Heidelberg",
pages="218--232",
isbn="978-3-540-32272-6",
doi="10.1007/11587514_15",
url="http://dx.doi.org/10.1007/11587514_15"
}

@Inbook{fursin05,
author="Fursin, G. G.
and O'Boyle, M. F. P.
and Knijnenburg, P. M. W.",
editor="Pugh, Bill
and Tseng, Chau-Wen",
title="Evaluating Iterative Compilation",
bookTitle="Languages and Compilers for Parallel Computing: 15th Workshop, LCPC 2002, College Park, MD, USA, July 25-27, 2002. Revised Papers",
year="2005",
publisher="Springer Berlin Heidelberg",
address="Berlin, Heidelberg",
pages="362--376",
}

@Inbook{kisuki99,
author="Kisuki, Toru
and Knijnenburg, Peter M. W.
and O'Boyle, Mike F. P.
and Bodin, Fran{\c{c}}ois
and Wijshoff, Harry A. G.",
editor="Polychronopoulos, Constantine
and Fukuda, Kazuki Joe Akira
and Tomita, Shinji",
title="A feasibility study in iterative compilation",
bookTitle="High Performance Computing: Second International Symposium, ISHPC'99 Kyoto, Japan, May 26--28, 1999 Proceedings",
year="1999",
publisher="Springer Berlin Heidelberg",
address="Berlin, Heidelberg",
pages="121--132",
}

@inproceedings{bodin98,
  TITLE = {Iterative compilation in a non-linear optimisation space},
  AUTHOR = {Bodin, Fran{\c c}ois and Kisuki, Toru and Knijnenburg, Peter and O' Boyle, Mike and Rohou, Erven},
  BOOKTITLE = {Workshop on Profile and Feedback-Directed Compilation},
  ADDRESS = {Paris, France},
  YEAR = {1998},
  MONTH = Oct,
}

@Inbook{knijnenburg02,
author="Knijnenburg, P. M. W.
and Kisuki, T.
and O'Boyle, M. F. P.",
editor="Deprettere, Ed F.
and Teich, J{\"u}rgen
and Vassiliadis, Stamatis",
title="Iterative Compilation",
bookTitle="Embedded Processor Design Challenges: Systems, Architectures, Modeling, and Simulation --- SAMOS",
year="2002",
publisher="Springer Berlin Heidelberg",
address="Berlin, Heidelberg",
pages="171--187",
}

@inproceedings{agakov06, 
author={F. Agakov and E. Bonilla and J. Cavazos and B. Franke and G. Fursin and M. F. P. O'Boyle and J. Thomson and M. Toussaint and C. K. I. Williams}, 
booktitle={International Symposium on Code Generation and Optimization (CGO'06)}, 
title={Using machine learning to focus iterative optimization}, 
year={2006}, 
pages={1--11},
month={March},
}

@inproceedings{stephenson03,
 author = {Stephenson, Mark and Amarasinghe, Saman and Martin, Martin and O'Reilly, Una-May},
 title = {Meta Optimization: Improving Compiler Heuristics with Machine Learning},
 booktitle = {Proceedings of the ACM SIGPLAN 2003 Conference on Programming Language Design and Implementation},
 series = {PLDI '03},
 year = {2003},
 location = {San Diego, California, USA},
 pages = {77--90},
 numpages = {14},
 publisher = {ACM},
 address = {New York, NY, USA},
} 

@inproceedings{haneda06, 
author={M. Haneda and P. M. W. Knijnenburg and H. A. G. Wijshoff}, 
booktitle={Proceedings 20th IEEE International Parallel Distributed Processing Symposium}, 
title={On the impact of data input sets on statistical compiler tuning}, 
year={2006}, 
pages={1--8},
month={April},
}

@inproceedings{kulkarni04,
 author = {Kulkarni, Prasad and Hines, Stephen and Hiser, Jason and Whalley, David and Davidson, Jack and Jones, Douglas},
 title = {Fast Searches for Effective Optimization Phase Sequences},
 booktitle = {Proceedings of the ACM SIGPLAN 2004 Conference on Programming Language Design and Implementation},
 series = {PLDI '04},
 year = {2004},
 location = {Washington DC, USA},
 pages = {171--182},
 numpages = {12},
 publisher = {ACM},
 address = {New York, NY, USA},
}

@inproceedings{fenacci10,
 author = {Fenacci, Damon and Franke, Bj\"{o}rn and Thomson, John},
 title = {Workload Characterization Supporting the Development of Domain-specific Compiler Optimizations Using Decision Trees for Data Mining},
 booktitle = {Proceedings of the 13th International Workshop on Software \&\#38; Compilers for Embedded Systems},
 series = {SCOPES '10},
 year = {2010},
 location = {St. Goar, Germany},
 pages = {5:1--5:10},
 articleno = {5},
 numpages = {10},
 publisher = {ACM},
 address = {New York, NY, USA},
} 

@inproceedings{mpeis16,
   author = {Paschalis Mpeis and Pavlos Petoumenos and Hugh Leather},
   title = {Iterative Compilation on Mobile Devices},
   year = {2016},
   month = {January},
   booktitle = {Proceedings of the 6th International Workshop on Adaptive Self-tuning Computing Systems (ADAPT 2016)},
   location = {Prague, Czech Republic}
}

@inproceedings{zhou12,
author={Y. Q. Zhou and N. W. Lin}, 
booktitle={2012 Third International Conference on Innovations in Bio-Inspired Computing and Applications}, 
title={A Study on Optimizing Execution Time and Code Size in Iterative Compilation}, 
year={2012}, 
pages={104-109}, 
month={Sept},
}

@inproceedings{cavazos07, 
author={J. Cavazos and G. Fursin and F. Agakov and E. Bonilla and M. F. P. O'Boyle and O. Temam}, 
booktitle={International Symposium on Code Generation and Optimization (CGO'07)}, 
title={Rapidly Selecting Good Compiler Optimizations using Performance Counters}, 
year={2007}, 
pages={185-197}, 
month={March},}

@inproceedings{che09, 
author={S. Che and M. Boyer and J. Meng and D. Tarjan and J. W. Sheaffer and S. H. Lee and K. Skadron}, 
booktitle={2009 IEEE International Symposium on Workload Characterization (IISWC)}, 
title={Rodinia: A benchmark suite for heterogeneous computing}, 
year={2009}, 
pages={44-54}, 
month={Oct},
}

@article{alameldeen06,
 author = {Alameldeen, Alaa R. and Wood, David A.},
 title = {{IPC} Considered Harmful for Multiprocessor Workloads},
 journal = {IEEE Micro},
 volume = {26},
 number = {4},
 month = jul,
 year = {2006},
 pages = {8--17},
 numpages = {10},
 publisher = {IEEE Computer Society Press},
 address = {Los Alamitos, CA, USA},
} 

@article{eyerman08, 
author={S. Eyerman and L. Eeckhout}, 
journal={IEEE Micro}, 
title={System-Level Performance Metrics for Multiprogram Workloads}, 
year={2008}, 
volume={28}, 
number={3}, 
pages={42-53}, 
month={May},}

@inproceedings{fursin07,
 author = {Fursin, Grigori and Cavazos, John and O'Boyle, Michael and Temam, Olivier},
 title = {{MiDataSets}: Creating the Conditions for a More Realistic Evaluation of Iterative Optimization},
 booktitle = {Proceedings of the 2Nd International Conference on High Performance Embedded Architectures and Compilers},
 series = {HiPEAC'07},
 year = {2007},
 location = {Ghent, Belgium},
 pages = {245--260},
 numpages = {16},
 publisher = {Springer-Verlag},
 address = {Berlin, Heidelberg},
} 


@inproceedings{ball96,
 author = {Ball, Thomas and Larus, James R.},
 title = {Efficient Path Profiling},
 booktitle = {Proceedings of the 29th Annual ACM/IEEE International Symposium on Microarchitecture},
 series = {MICRO 29},
 year = {1996},
 location = {Paris, France},
 pages = {46--57},
 numpages = {12},
 publisher = {IEEE Computer Society},
 address = {Washington, DC, USA},
}


@article{eeckhout03,
    author = {Lieven Eeckhout and Hans Vandierendonck and Koen De Bosschere},
    title = {Quantifying the Impact of Input Data Sets on Program Behavior and its Applications},
    journal = {Journal of Instruction-Level Parallelism},
    year = {2003},
    volume = {5},
    pages = {1--33}
}

@inproceedings{chen10,
 author = {Chen, Yang and Huang, Yuanjie and Eeckhout, Lieven and Fursin, Grigori and Peng, Liang and Temam, Olivier and Wu, Chengyong},
 title = {Evaluating Iterative Optimization Across 1000 Datasets},
 booktitle = {Proceedings of the 31st ACM SIGPLAN Conference on Programming Language Design and Implementation},
 series = {PLDI '10},
 year = {2010},
 location = {Toronto, Ontario, Canada},
 pages = {448--459},
 numpages = {12},
 publisher = {ACM},
 address = {New York, NY, USA},
} 

@article{chen12a,
 author = {Chen, Yang and Fang, Shuangde and Huang, Yuanjie and Eeckhout, Lieven and Fursin, Grigori and Temam, Olivier and Wu, Chengyong},
 title = {Deconstructing Iterative Optimization},
 journal = {ACM Trans. Archit. Code Optim.},
 volume = {9},
 number = {3},
 month = oct,
 year = {2012},
 pages = {21:1--21:30},
 articleno = {21},
 numpages = {30},
 publisher = {ACM},
 address = {New York, NY, USA},
} 

@inproceedings{chen12b,
 author = {Chen, Yang and Fang, Shuangde and Eeckhout, Lieven and Temam, Olivier and Wu, Chengyong},
 title = {Iterative Optimization for the Data Center},
 booktitle = {Proceedings of the Seventeenth International Conference on Architectural Support for Programming Languages and Operating Systems},
 series = {ASPLOS XVII},
 year = {2012},
 location = {London, England, UK},
 pages = {49--60},
 numpages = {12},
 publisher = {ACM},
 address = {New York, NY, USA},
} 

@article{fang15,
 author = {Fang, Shuangde and Xu, Wenwen and Chen, Yang and Eeckhout, Lieven and Temam, Olivier and Chen, Yunji and Wu, Chengyong and Feng, Xiaobing},
 title = {Practical Iterative Optimization for the Data Center},
 journal = {ACM Trans. Archit. Code Optim.},
 volume = {12},
 number = {2},
 month = may,
 year = {2015},
 pages = {15:1--15:26},
 articleno = {15},
 numpages = {26},
 publisher = {ACM},
 address = {New York, NY, USA},
} 

@inproceedings{pan06,
 author = {Pan, Zhelong and Eigenmann, Rudolf},
 title = {Fast and Effective Orchestration of Compiler Optimizations for Automatic Performance Tuning},
 booktitle = {Proceedings of the International Symposium on Code Generation and Optimization},
 series = {CGO '06},
 year = {2006},
 pages = {319--332},
 numpages = {14},
 publisher = {IEEE Computer Society},
 address = {Washington, DC, USA},
} 

%%phase ordering problem

@inproceedings{touati06,
 author = {Touati, Sid-Ahmed-Ali and Barthou, Denis},
 title = {On the Decidability of Phase Ordering Problem in Optimizing Compilation},
 booktitle = {Proceedings of the 3rd Conference on Computing Frontiers},
 series = {CF '06},
 year = {2006},
 location = {Ischia, Italy},
 pages = {147--156},
 numpages = {10},
 publisher = {ACM},
 address = {New York, NY, USA},
} 

@inproceedings{kulkarni12,
 author = {Kulkarni, Sameer and Cavazos, John},
 title = {Mitigating the Compiler Optimization Phase-ordering Problem Using Machine Learning},
 booktitle = {Proceedings of the ACM International Conference on Object Oriented Programming Systems Languages and Applications},
 series = {OOPSLA '12},
 year = {2012},
 location = {Tucson, Arizona, USA},
 pages = {147--162},
 numpages = {16},
 publisher = {ACM},
 address = {New York, NY, USA},
}


%%work metrics and empirical computational complexity

@inproceedings{goldsmith07,
 author = {Goldsmith, Simon F. and Aiken, Alex S. and Wilkerson, Daniel S.},
 title = {Measuring Empirical Computational Complexity},
 booktitle = {Proceedings of the the 6th Joint Meeting of the European Software Engineering Conference and the ACM SIGSOFT Symposium on The Foundations of Software Engineering},
 series = {ESEC-FSE '07},
 year = {2007},
 location = {Dubrovnik, Croatia},
 pages = {395--404},
 numpages = {10},
 publisher = {ACM},
 address = {New York, NY, USA},
} 


@inproceedings{zaparanuks12,
 author = {Zaparanuks, Dmitrijs and Hauswirth, Matthias},
 title = {Algorithmic Profiling},
 booktitle = {Proceedings of the 33rd ACM SIGPLAN Conference on Programming Language Design and Implementation},
 series = {PLDI '12},
 year = {2012},
 location = {Beijing, China},
 pages = {67--76},
 numpages = {10},
 publisher = {ACM},
 address = {New York, NY, USA},
} 

@article{coppa14, 
author={E. Coppa and C. Demetrescu and I. Finocchi}, 
journal={IEEE Transactions on Software Engineering}, 
title={Input-Sensitive Profiling}, 
year={2014}, 
volume={40}, 
number={12}, 
pages={1185-1205}, 
month={Dec},}

%% Profiling block frequency

@article{ball94,
 author = {Ball, Thomas and Larus, James R.},
 title = {Optimally Profiling and Tracing Programs},
 journal = {ACM Trans. Program. Lang. Syst.},
 volume = {16},
 number = {4},
 month = jul,
 year = {1994},
 pages = {1319--1360},
 numpages = {42},
 publisher = {ACM},
 address = {New York, NY, USA},
}

@inproceedings{forman81,
 author = {Forman, Ira R.},
 title = {On the Time Overhead of Counters and Traversal Markers},
 booktitle = {Proceedings of the 5th International Conference on Software Engineering},
 series = {ICSE '81},
 year = {1981},
 location = {San Diego, California, USA},
 pages = {164--169},
 numpages = {6},
 publisher = {IEEE Press},
 address = {Piscataway, NJ, USA},
} 

@article{knuth73,
author="Knuth, Donald E.
and Stevenson, Francis R.",
title="Optimal measurement points for program frequency counts",
journal="BIT Numerical Mathematics",
year="1973",
volume="13",
number="3",
pages="313--322",
}

@article {knuth71,
author = {Knuth, Donald E.},
title = {An empirical study of {FORTRAN} programs},
journal = {Software: Practice and Experience},
volume = {1},
number = {2},
publisher = {John Wiley & Sons, Ltd.},
pages = {105--133},
year = {1971},
}

